<?xml version="1.0" encoding="UTF-8"?><collection xmlns="http://www.loc.gov/MARC21/slim"><record><leader>00534nam--2200193-i-4500</leader><controlfield tag="001">000035200</controlfield><controlfield tag="002">20161230</controlfield><controlfield tag="005">20161230201040</controlfield><controlfield tag="008">060222s1000------------r-----000-0-eng-d</controlfield><datafield ind1=" " ind2=" " tag="040"><subfield code="a">IFIN-HH</subfield></datafield><datafield ind1=" " ind2=" " tag="080"><subfield code="a">535.338.3</subfield></datafield><datafield ind1="1" ind2=" " tag="100"><subfield code="a">Pauling, Linus</subfield></datafield><datafield ind1="1" ind2="0" tag="245"><subfield code="a">The structure of line spectra</subfield><subfield code="c">Linus pauling; samuel goudsmit</subfield></datafield><datafield ind1=" " ind2=" " tag="260"><subfield code="a">LONDON</subfield><subfield code="b">Mcgraw-hill Book Company, Inc</subfield></datafield><datafield ind1=" " ind2=" " tag="300"><subfield code="a">X + 263P</subfield></datafield><datafield ind1=" " ind2=" " tag="490"><subfield code="a">International Series In Physics</subfield></datafield><datafield ind1="1" ind2=" " tag="700"><subfield code="a">Goudsmit, Samuel</subfield></datafield><datafield ind1=" " ind2=" " tag="852"><subfield code="a">184</subfield><subfield code="c">535.33</subfield></datafield><datafield ind1=" " ind2=" " tag="CAT"><subfield code="a">Sys</subfield><subfield code="c">20101130</subfield><subfield code="h">133215</subfield></datafield></record></collection>